<record><leader>00000cas a22000007a 4500</leader><controlfield tag="001">19074884</controlfield><controlfield tag="008">890127d19131915mouwr ne      0    0eng d</controlfield><datafield ind1=" " ind2=" " tag="010"><subfield code="a">sn 89066215 </subfield></datafield><datafield ind1=" " ind2=" " tag="040"><subfield code="a">MQN</subfield><subfield code="b">eng</subfield><subfield code="c">MQN</subfield><subfield code="d">OCLCQ</subfield></datafield><datafield ind1=" " ind2=" " tag="042"><subfield code="a">msc</subfield></datafield><datafield ind1="0" ind2=" " tag="130"><subfield code="a">Bernie news (Bernie, Mo. : 1913)</subfield></datafield><datafield ind1="1" ind2="4" tag="245"><subfield code="a">The Bernie news.</subfield></datafield><datafield ind1="1" ind2="3" tag="246"><subfield code="a">Bernie weekly news</subfield></datafield><datafield ind1=" " ind2=" " tag="260"><subfield code="a">Bernie, Stoddard County, Mo. :</subfield><subfield code="b">George W. Ray</subfield></datafield><datafield ind1=" " ind2=" " tag="300"><subfield code="a">v.</subfield></datafield><datafield ind1=" " ind2=" " tag="310"><subfield code="a">Weekly</subfield></datafield><datafield ind1="0" ind2=" " tag="362"><subfield code="a">Vol. 1, no. 1 (Oct. 17, 1913)-</subfield></datafield><datafield ind1="1" ind2=" " tag="362"><subfield code="a">Ceased in Aug. 1915.</subfield></datafield><datafield ind1=" " ind2="4" tag="651"><subfield code="a">Bernie (Mo.)</subfield><subfield code="v">Newspapers.</subfield></datafield><datafield ind1=" " ind2=" " tag="752"><subfield code="a">United States</subfield><subfield code="b">Missouri</subfield><subfield code="c">Stoddard</subfield><subfield code="d">Bernie.</subfield></datafield><datafield ind1="0" ind2="7" tag="785"><subfield code="t">Bernie star</subfield><subfield code="w">(DLC)sn 92059010</subfield></datafield><datafield ind1="0" ind2="7" tag="785"><subfield code="t">Star-news (Bernie, Mo.)</subfield><subfield code="w">(DLC)sn 89066216</subfield></datafield></record>